@misc{profundidaduco,
    author = "Juan José Cruz Jiménez",
    title = "Problema de las Jarras de Agua con CLIPS, Búsqueda Primero en Profundidad",
    howpublished = "\url{https://www.uco.es/~i42crjij/aplicada/mem6_1.htm}"
}

@misc{anchurauco,
    author = "Juan José Cruz Jiménez",
    title = "Problema de las Jarras de Agua con CLIPS, Búsqueda Primero en Anchura",
    howpublished = "\url{https://www.uco.es/~i42crjij/aplicada/mem6_2.htm}"
}

@misc{anchurawiki,
    author = "{Wikipedia contributors}",
    title = "Breadth-first search --- {Wikipedia}{,} The Free Encyclopedia",
    year = "2019",
    howpublished = "\url{https://en.wikipedia.org/w/index.php?title=Breadth-first_search&oldid=889626877}",
}

@misc{profundidadwiki,
    author = "{Wikipedia contributors}",
    title = "Depth-first search --- {Wikipedia}{,} The Free Encyclopedia",
    year = "2019",
    howpublished = "\url{https://en.wikipedia.org/w/index.php?title=Depth-first_search&oldid=896148062}",
}